<record><leader>00000cas a22000007a 4500</leader><controlfield tag="001">10589160</controlfield><controlfield tag="008">840403d18941895ohuwr ne      0    0eng d</controlfield><datafield ind1=" " ind2=" " tag="010"><subfield code="a">sn 84028192 </subfield></datafield><datafield ind1=" " ind2=" " tag="040"><subfield code="a">NPY</subfield><subfield code="b">eng</subfield><subfield code="c">NPY</subfield><subfield code="d">ONP</subfield><subfield code="d">OCLCQ</subfield></datafield><datafield ind1=" " ind2=" " tag="042"><subfield code="a">msc</subfield></datafield><datafield ind1="0" ind2="4" tag="245"><subfield code="a">The Saturday evening advertiser.</subfield></datafield><datafield ind1=" " ind2=" " tag="260"><subfield code="a">Painesville, Ohio :</subfield><subfield code="b">[s.n.]</subfield></datafield><datafield ind1=" " ind2=" " tag="300"><subfield code="a">v.</subfield></datafield><datafield ind1=" " ind2=" " tag="310"><subfield code="a">Weekly</subfield></datafield><datafield ind1="1" ind2=" " tag="362"><subfield code="a">Began in 1894? Ceased in 1895.</subfield></datafield><datafield ind1=" " ind2=" " tag="580"><subfield code="a">Continues: Evening advertiser (Painesville, Ohio)?</subfield></datafield><datafield ind1=" " ind2=" " tag="580"><subfield code="a">This title appears to have ceased in 1895 because by Mar., 1895, Traver was editing the Lake County advertiser.</subfield></datafield><datafield ind1=" " ind2=" " tag="588"><subfield code="a">Description based on: Vol. 2, no. 79 (Jan. 26, 1895).</subfield></datafield><datafield ind1=" " ind2="4" tag="651"><subfield code="a">Painesville (Ohio)</subfield><subfield code="v">Newspapers.</subfield></datafield><datafield ind1=" " ind2="4" tag="651"><subfield code="a">Lake County (Ohio)</subfield><subfield code="v">Newspapers.</subfield></datafield><datafield ind1=" " ind2=" " tag="752"><subfield code="a">United States</subfield><subfield code="b">Ohio</subfield><subfield code="c">Lake</subfield><subfield code="d">Painesville.</subfield></datafield><datafield ind1="1" ind2="0" tag="780"><subfield code="t">Evening advertiser (Painesville, Ohio)</subfield><subfield code="w">(DLC)sn 84028191</subfield></datafield><datafield ind1="1" ind2=" " tag="787"><subfield code="t">Lake County advertiser</subfield><subfield code="w">(DLC)sn 84028178</subfield></datafield><datafield ind1="1" ind2=" " tag="029"><subfield code="a">AU@</subfield><subfield code="b">000020634671</subfield></datafield></record>